@article{Wang2010,
author = {Wang, Yang and Mori, Greg},
journal = {IEEE transactions on pattern analysis and machine intelligence},
month = nov,
number = {1},
pages = {1--14},
title = {{Hidden Part Models for Human Action Recognition: Probabilistic vs. Max-Margin.}},
year = {2010}
}

